<?xml version="1.0" encoding="UTF-8"?><collection xmlns="http://www.loc.gov/MARC21/slim"><record><leader>00467nam--2200181-i-4500</leader><controlfield tag="001">000007821</controlfield><controlfield tag="002">20161230</controlfield><controlfield tag="005">20170108173918</controlfield><controlfield tag="008">060222s1000------------r-----000-0-eng-d</controlfield><datafield ind1=" " ind2=" " tag="080"><subfield code="a">621.38</subfield></datafield><datafield ind1=" " ind2=" " tag="100"><subfield code="a">Abbatista, N</subfield></datafield><datafield ind1=" " ind2=" " tag="245"><subfield code="a">Operative definition of the threshold of tunnel diode switching circuits</subfield></datafield><datafield ind1=" " ind2=" " tag="260"><subfield code="a">Roma</subfield><subfield code="b">C.N.E.A</subfield><subfield code="c">1966</subfield></datafield><datafield ind1=" " ind2=" " tag="300"><subfield code="a">/323-326/p</subfield></datafield><datafield ind1=" " ind2=" " tag="490"><subfield code="a">66/5</subfield></datafield><datafield ind1=" " ind2=" " tag="700"><subfield code="a">Plantamura, V. L</subfield></datafield><datafield ind1=" " ind2=" " tag="852"><subfield code="a">17334</subfield></datafield><datafield ind1=" " ind2=" " tag="CAT"><subfield code="a">SYS</subfield><subfield code="c">20170108</subfield><subfield code="h">173918</subfield></datafield></record></collection>